% Encoding: UTF-8

@Article{HennigThurau2004,
  author    = {Thorsten Hennig-Thurau},
  journal   = {International Journal of Service Industry Management},
  title     = {Customer orientation of service employees},
  year      = {2004},
  month     = dec,
  number    = {5},
  pages     = {460--478},
  volume    = {15},
  doi       = {10.1108/09564230410564939},
  publisher = {Emerald},
  url       = {https://doi.org/10.1108/09564230410564939},
}

@Misc{gallo2014,
  author        = {Amy Gallo},
  month         = oct,
  note          = {Acessado em: 20 jul. 2020},
  title         = {The Value of Keeping the Right Customers},
  year          = {2014},
  journal       = {Harvard Business Review},
  url           = {https://hbr.org/2014/10/the-value-of-keeping-the-right-customers},
  urlaccessdate = {20 jul. 2020},
}

@Article{Ganesh2000,
  author    = {Jaishankar Ganesh and Mark J. Arnold and Kristy E. Reynolds},
  journal   = {Journal of Marketing},
  title     = {Understanding the Customer Base of Service Providers: An Examination of the Differences between Switchers and Stayers},
  year      = {2000},
  month     = jul,
  number    = {3},
  pages     = {65--87},
  volume    = {64},
  doi       = {10.1509/jmkg.64.3.65.18028},
  publisher = {{SAGE} Publications},
  url       = {https://doi.org/10.1509/jmkg.64.3.65.18028},
}

@InCollection{Kumar2020,
  author    = {Harvendra Kumar and Rakesh Kumar Yadav},
  booktitle = {Advances in Intelligent Systems and Computing},
  publisher = {Springer Singapore},
  title     = {Rule-Based Customer Churn Prediction Model Using Artificial Neural Network Based and Rough Set Theory},
  year      = {2020},
  pages     = {97--108},
  doi       = {10.1007/978-981-15-0751-9_9},
  url       = {https://doi.org/10.1007/978-981-15-0751-9_9},
}

@Article{Vafeiadis2015,
  author    = {T. Vafeiadis and K.I. Diamantaras and G. Sarigiannidis and K.Ch. Chatzisavvas},
  journal   = {Simulation Modelling Practice and Theory},
  title     = {A comparison of machine learning techniques for customer churn prediction},
  year      = {2015},
  month     = jun,
  pages     = {1--9},
  volume    = {55},
  doi       = {10.1016/j.simpat.2015.03.003},
  publisher = {Elsevier {BV}},
  url       = {https://doi.org/10.1016/j.simpat.2015.03.003},
}

@Article{Botelho2010,
  author    = {Delane Botelho and Frederico Damian Tostes},
  journal   = {Revista de Administra{\c{c}}{\~{a}}o de Empresas},
  title     = {Modelagem de probabilidade de churn},
  year      = {2010},
  month     = dec,
  number    = {4},
  pages     = {396--410},
  volume    = {50},
  doi       = {10.1590/s0034-75902010000400005},
  publisher = {{FapUNIFESP} ({SciELO})},
  url       = {https://doi.org/10.1590/s0034-75902010000400005},
}

@Book{Favero2017,
  author    = {Fávero, Luiz Paulo and Belfiore, Patrícia},
  publisher = {Elsevier Brasil},
  title     = {Manual de análise de dados: estatística e modelagem multivariada com Excel{\textregistered}, SPSS{\textregistered} e Stata{\textregistered}},
  year      = {2017},
}

@Article{Lim2015,
  author    = {Lim, Michael and Hastie, Trevor},
  journal   = {Journal of Computational and Graphical Statistics},
  title     = {Learning interactions via hierarchical group-lasso regularization},
  year      = {2015},
  number    = {3},
  pages     = {627--654},
  volume    = {24},
  publisher = {Taylor \& Francis},
}

@Comment{jabref-meta: databaseType:bibtex;}
